<record><leader>00000cas a22000007a 4500</leader><controlfield tag="001">15202775</controlfield><controlfield tag="008">870217d19701971paudn ne      0    0eng d</controlfield><datafield ind1=" " ind2=" " tag="010"><subfield code="a">sn 87078572 </subfield></datafield><datafield ind1=" " ind2=" " tag="040"><subfield code="a">NPH</subfield><subfield code="b">eng</subfield><subfield code="c">NPH</subfield><subfield code="d">OCLCQ</subfield></datafield><datafield ind1=" " ind2=" " tag="042"><subfield code="a">msc</subfield></datafield><datafield ind1="0" ind2="0" tag="245"><subfield code="a">Times-news &amp; record.</subfield></datafield><datafield ind1="3" ind2="0" tag="246"><subfield code="a">Times-news and record</subfield></datafield><datafield ind1=" " ind2=" " tag="260"><subfield code="a">Lehighton, Pa. :</subfield><subfield code="b">Pencor Services,</subfield><subfield code="c">1970-1971.</subfield></datafield><datafield ind1=" " ind2=" " tag="300"><subfield code="a">v. :</subfield><subfield code="b">ill.</subfield></datafield><datafield ind1=" " ind2=" " tag="310"><subfield code="a">Daily (except Sun. &amp; holidays)</subfield></datafield><datafield ind1="0" ind2=" " tag="362"><subfield code="a">88th year, no. 128 (Sept. 1, 1970)-89th year, no. 152 (Sept. 30, 1971).</subfield></datafield><datafield ind1=" " ind2=" " tag="752"><subfield code="a">United States</subfield><subfield code="b">Pennsylvania</subfield><subfield code="c">Carbon</subfield><subfield code="d">Lehighton.</subfield></datafield><datafield ind1=" " ind2=" " tag="752"><subfield code="a">United States</subfield><subfield code="b">Pennsylvania</subfield><subfield code="c">Carbon</subfield><subfield code="d">Jim Thorpe.</subfield></datafield><datafield ind1=" " ind2=" " tag="752"><subfield code="a">United States</subfield><subfield code="b">Pennsylvania</subfield><subfield code="c">Carbon.</subfield></datafield><datafield ind1="0" ind2="0" tag="780"><subfield code="t">Carbon County times-news &amp; record</subfield><subfield code="w">(DLC)sn 87078571</subfield></datafield><datafield ind1="0" ind2="7" tag="785"><subfield code="t">Evening courier (Tamaqua, Pa.)</subfield><subfield code="w">(DLC)sn 86081938</subfield></datafield><datafield ind1="0" ind2="7" tag="785"><subfield code="t">Times news-record &amp; courier</subfield><subfield code="w">(DLC)sn 87078573</subfield></datafield></record>